<record><leader>00000cas a22000007a 4500</leader><controlfield tag="001">10855300</controlfield><controlfield tag="008">840618d18701901iauwr ne      0    0eng d</controlfield><datafield ind1=" " ind2=" " tag="010"><subfield code="a">sn 84027075 </subfield></datafield><datafield ind1=" " ind2=" " tag="040"><subfield code="a">NPU</subfield><subfield code="b">eng</subfield><subfield code="c">NPU</subfield><subfield code="d">INP</subfield><subfield code="d">OCLCQ</subfield></datafield><datafield ind1=" " ind2=" " tag="042"><subfield code="a">msc</subfield></datafield><datafield ind1="0" ind2=" " tag="130"><subfield code="a">Charles City intelligencer (Charles City, Iowa : 1870)</subfield></datafield><datafield ind1="1" ind2="0" tag="245"><subfield code="a">Charles City intelligencer.</subfield></datafield><datafield ind1=" " ind2=" " tag="260"><subfield code="a">Charles City, Floyd County, Iowa :</subfield><subfield code="b">Dyke &amp; Rowell,</subfield><subfield code="c">1870-1901.</subfield></datafield><datafield ind1=" " ind2=" " tag="300"><subfield code="a">32 v.</subfield></datafield><datafield ind1=" " ind2=" " tag="310"><subfield code="a">Weekly</subfield></datafield><datafield ind1="0" ind2=" " tag="362"><subfield code="a">Old ser. vol. 14, no. 40 (Oct. 6, 1870)-v. 45, no. 18 (May 2, 1901).</subfield></datafield><datafield ind1=" " ind2=" " tag="500"><subfield code="a">Publisher varies.</subfield></datafield><datafield ind1=" " ind2=" " tag="515"><subfield code="a">Issues for Oct. 6-Nov. 17, 1870 called also new ser. vol. 1, no. 1-v. 1, no. 7.</subfield></datafield><datafield ind1=" " ind2=" " tag="752"><subfield code="a">United States</subfield><subfield code="b">Iowa</subfield><subfield code="c">Floyd</subfield><subfield code="d">Charles City.</subfield></datafield><datafield ind1="0" ind2="0" tag="780"><subfield code="t">Hildreth's Charles City intelligencer</subfield><subfield code="w">(DLC)sn 87058420</subfield></datafield><datafield ind1="0" ind2="7" tag="785"><subfield code="t">Sam G. Sloane's Charles City citizen</subfield><subfield code="w">(DLC)sn 88059488</subfield></datafield><datafield ind1="0" ind2="7" tag="785"><subfield code="t">Sam G. Sloane's Charles City intelligencer</subfield><subfield code="w">(DLC)sn 88059489</subfield></datafield></record>